@article{henry2012rgb,
  title={RGB-D mapping: Using Kinect-style depth cameras for dense 3D modeling of indoor environments},
  author={Henry, Peter and Krainin, Michael and Herbst, Evan and Ren, Xiaofeng and Fox, Dieter},
  journal={The International Journal of Robotics Research},
  volume={31},
  number={5},
  pages={647--663},
  year={2012},
  publisher={SAGE Publications Sage UK: London, England}
}

@article{carfagni2017performance,
  title={On the performance of the Intel SR300 depth camera: metrological and critical characterization},
  author={Carfagni, Monica and Furferi, Rocco and Governi, Lapo and Servi, Michaela and Uccheddu, Francesca and Volpe, Yary},
  journal={IEEE Sensors Journal},
  volume={17},
  number={14},
  pages={4508--4519},
  year={2017},
  publisher={IEEE}
}

